@online{14:00-17:00ISOIEC14882,
  title = {{{ISO}}/{{IEC}} 14882:2020},
  shorttitle = {{{ISO}}/{{IEC}} 14882},
  author = {{14:00-17:00}},
  url = {https://www.iso.org/standard/79358.html},
  urldate = {2023-04-03},
  abstract = {Programming languages — C++},
  langid = {english},
  organization = {{ISO}},
  file = {C\:\\Users\\Jack Maguire\\Zotero_KE\\storage\\LQAUYRTV\\79358.html}
}

@online{BibTeX,
  title = {{{BibTeX}}},
  url = {http://www.bibtex.org/},
  urldate = {2023-04-03},
  file = {C\:\\Users\\Jack Maguire\\Zotero_KE\\storage\\BW9RSAU5\\www.bibtex.org.html}
}

@online{CLionCrossPlatformIDE,
  title = {{{CLion}}: {{A Cross-Platform IDE}} for {{C}} and {{C}}++ by {{JetBrains}}},
  shorttitle = {{{CLion}}},
  url = {https://www.jetbrains.com/clion/},
  urldate = {2023-04-03},
  abstract = {A powerful IDE from JetBrains helps you develop in C and C++ on Linux, macOS and Windows.},
  langid = {english},
  organization = {{JetBrains}},
  file = {C\:\\Users\\Jack Maguire\\Zotero_KE\\storage\\2QPKN32W\\clion.html}
}

@article{cowlishawDesignREXXLanguage1984,
  title = {The {{Design}} of the {{REXX}} Language},
  author = {Cowlishaw, Mike},
  date = {1984},
  journaltitle = {IBM Systems Journal},
  volume = {23},
  number = {4},
  url = {https://www.cs.tufts.edu/~nr/cs257/archive/mike-cowlishaw/rexx.pdf},
  urldate = {2023-06-21}
}

@online{CTANPackageBibLaTeX,
  title = {{{CTAN}}: {{Package BibLaTeX}}},
  url = {https://www.ctan.org/pkg/biblatex},
  urldate = {2023-04-03},
  file = {C\:\\Users\\Jack Maguire\\Zotero_KE\\storage\\KRDL2SWE\\biblatex.html}
}

@software{Dialoguer2023,
  title = {Dialoguer},
  date = {2023-06-17T23:51:18Z},
  origdate = {2017-05-09T14:04:17Z},
  url = {https://github.com/console-rs/dialoguer},
  urldate = {2023-06-21},
  abstract = {Rust utility library for nice command line prompts and similar things},
  organization = {{console-rs}}
}

@online{EmilkEguiEgui,
  title = {Emilk/Egui: Egui: An Easy-to-Use Immediate Mode {{GUI}} in {{Rust}} That Runs on Both Web and Native},
  url = {https://github.com/emilk/egui/tree/master},
  urldate = {2023-06-21},
  file = {C\:\\Users\\Jack Maguire\\Zotero_KE\\storage\\WY64XG57\\master.html}
}

@online{GCCGNUCompiler,
  title = {{{GCC}}, the {{GNU Compiler Collection}} - {{GNU Project}}},
  url = {https://gcc.gnu.org/},
  urldate = {2023-04-03},
  file = {C\:\\Users\\Jack Maguire\\Zotero_KE\\storage\\MVPVQ4G5\\gcc.gnu.org.html}
}

@online{Git,
  title = {Git},
  url = {https://git-scm.com/},
  urldate = {2023-04-03},
  file = {C\:\\Users\\Jack Maguire\\Zotero_KE\\storage\\89Z9QP67\\git-scm.com.html}
}

@online{GithubBuildSoftware,
  title = {Github - {{Build}} Software Better, Together},
  url = {https://github.com},
  urldate = {2023-04-03},
  abstract = {GitHub is where people build software. More than 100 million people use GitHub to discover, fork, and contribute to over 330 million projects.},
  langid = {english},
  organization = {{GitHub}},
  file = {C\:\\Users\\Jack Maguire\\Zotero_KE\\storage\\WNEU9P7M\\github.com.html}
}

@online{GoProgrammingLanguage,
  title = {The {{Go Programming Language}}},
  url = {https://go.dev/},
  urldate = {2023-04-03},
  abstract = {Go is an open source programming language that makes it simple to build secure, scalable systems.},
  langid = {english},
  file = {C\:\\Users\\Jack Maguire\\Zotero_KE\\storage\\I3ZUQKJZ\\go.dev.html}
}

@online{HomeZigProgramming,
  title = {Home - {{Zig Programming Language}}},
  url = {https://ziglang.org/},
  urldate = {2023-04-03},
  file = {C\:\\Users\\Jack Maguire\\Zotero_KE\\storage\\2YGQYT5M\\ziglang.org.html}
}

@online{IntelliJRustOpensource,
  title = {{{IntelliJ Rust}}: {{Open-source Rust Plugin}} for {{IntelliJ-based IDEs}}},
  shorttitle = {{{IntelliJ Rust}}},
  url = {https://www.jetbrains.com/rust/},
  urldate = {2023-04-03},
  abstract = {IntelliJ Rust brings JetBrains-quality language support and the full IDE experience to your Rust workflow.},
  langid = {english},
  organization = {{JetBrains}},
  file = {C\:\\Users\\Jack Maguire\\Zotero_KE\\storage\\2GH7PL6D\\rust.html}
}

@online{JavaOracle,
  title = {Java | {{Oracle}}},
  url = {https://www.java.com/en/},
  urldate = {2023-04-03}
}

@software{knappClap2023,
  title = {Clap},
  author = {Knapp, Kevin B. and {The Clap Community}},
  date = {2023-06},
  origdate = {2015-02-25T13:36:33Z},
  url = {https://github.com/clap-rs/clap},
  urldate = {2023-06-21},
  abstract = {A full featured, fast Command Line Argument Parser for Rust},
  version = {4.3.5}
}

@online{LaTeXDocumentPreparation,
  title = {{{LaTeX}} - {{A}} Document Preparation System},
  url = {https://www.latex-project.org/},
  urldate = {2023-04-03},
  file = {C\:\\Users\\Jack Maguire\\Zotero_KE\\storage\\2AESSL42\\www.latex-project.org.html}
}

@online{LibRsHome,
  title = {Lib.Rs — Home for {{Rust}} Crates // {{Lib}}.Rs},
  url = {https://lib.rs},
  urldate = {2023-04-03},
  abstract = {List of Rust libraries and applications. An unofficial experimental opinionated alternative to crates.io},
  langid = {english},
  organization = {{Lib.rs}},
  file = {C\:\\Users\\Jack Maguire\\Zotero_KE\\storage\\E5TG9K4W\\lib.rs.html}
}

@online{MiktexHome,
  title = {Miktex - {{Home}}},
  url = {https://miktex.org/},
  urldate = {2023-04-03},
  file = {C\:\\Users\\Jack Maguire\\Zotero_KE\\storage\\AP8P2ANT\\miktex.org.html}
}

@software{peterHyperfine2023,
  title = {Hyperfine},
  author = {Peter, David},
  date = {2023-03},
  origdate = {2018-01-13T15:49:54Z},
  url = {https://github.com/sharkdp/hyperfine},
  urldate = {2023-06-21},
  abstract = {A command-line benchmarking tool},
  version = {1.16.1}
}

@online{Rustanalyzer,
  title = {Rust-Analyzer},
  url = {https://rust-analyzer.github.io/},
  urldate = {2023-04-03},
  file = {C\:\\Users\\Jack Maguire\\Zotero_KE\\storage\\6AX464XK\\rust-analyzer.github.io.html}
}

@online{RustProgrammingLanguage,
  title = {Rust {{Programming Language}}},
  url = {https://www.rust-lang.org/},
  urldate = {2023-04-03},
  abstract = {A language empowering everyone to build reliable and efficient software.},
  langid = {american},
  file = {C\:\\Users\\Jack Maguire\\Zotero_KE\\storage\\ZSTXGSP2\\www.rust-lang.org.html}
}

@online{SliceRust,
  title = {Slice - {{Rust}}},
  url = {https://doc.rust-lang.org/std/primitive.slice.html},
  urldate = {2023-06-21},
  file = {C\:\\Users\\Jack Maguire\\Zotero_KE\\storage\\QG7WM265\\primitive.slice.html}
}

@online{TeXstudioLaTeXEditor,
  title = {{{TeXstudio}} - {{A LaTeX}} Editor},
  url = {https://www.texstudio.org/},
  urldate = {2023-04-03},
  file = {C\:\\Users\\Jack Maguire\\Zotero_KE\\storage\\RCCEBL6S\\www.texstudio.org.html}
}

@online{TimeLinuxManual,
  title = {Time(1) - {{Linux}} Manual Page},
  url = {https://www.man7.org/linux/man-pages/man1/time.1.html},
  urldate = {2023-04-03},
  file = {C\:\\Users\\Jack Maguire\\Zotero_KE\\storage\\G2UQ7EV9\\time.1.html}
}

@online{TokioAsynchronousRust,
  title = {Tokio - {{An}} Asynchronous {{Rust}} Runtime},
  url = {https://tokio.rs/},
  urldate = {2023-06-21},
  file = {C\:\\Users\\Jack Maguire\\Zotero_KE\\storage\\UZ5N3LY4\\tokio.rs.html}
}

@online{TraitRust,
  title = {Trait - {{Rust}}},
  url = {https://doc.rust-lang.org/std/keyword.trait.html},
  urldate = {2023-06-21},
  file = {C\:\\Users\\Jack Maguire\\Zotero_KE\\storage\\KSH2EVT3\\keyword.trait.html}
}

@online{VisualStudioCode,
  title = {Visual {{Studio Code}} - {{Code Editing}}. {{Redefined}}},
  url = {https://code.visualstudio.com/},
  urldate = {2023-04-03},
  file = {C\:\\Users\\Jack Maguire\\Zotero_KE\\storage\\M7WB6WCB\\code.visualstudio.com.html}
}

@online{VisualStudioIDE,
  title = {Visual {{Studio C}}/{{C}}++ {{IDE}} and {{Compiler}} for {{Windows}}},
  url = {https://visualstudio.microsoft.com/vs/features/cplusplus/},
  urldate = {2023-04-03},
  abstract = {Download free Visual Studio IDE to build cross-platform apps for Linux, iOS, Android, IoT, and Windows devices using latest, standards-compliant C and C++.},
  langid = {american},
  organization = {{Visual Studio}},
  file = {C\:\\Users\\Jack Maguire\\Zotero_KE\\storage\\UDLW5N42\\cplusplus.html}
}

@online{wagnerDocsGetStarted,
  title = {C\# Docs - Get Started, Tutorials, Reference.},
  author = {Wagner, Bill},
  url = {https://learn.microsoft.com/en-us/dotnet/csharp/},
  urldate = {2023-04-03},
  abstract = {Learn C\# programming - for beginning developers, developers new to C\#, and experienced C\# / .NET developers},
  langid = {american},
  file = {C\:\\Users\\Jack Maguire\\Zotero_KE\\storage\\6ZERDEZU\\csharp.html}
}

@online{wengerDevelopingSSH2023,
  title = {Developing over {{SSH}}},
  author = {Wenger, Amos},
  date = {2023-03-05T07:30:02Z},
  url = {https://fasterthanli.me/series/building-a-rust-service-with-nix/part-2},
  urldate = {2023-04-03},
  abstract = {With  the previous part 's VM still running, let's try connecting to our machine over SSH.                                                                Network addresses, loop...},
  langid = {english},
  organization = {{fasterthanli.me}},
  file = {C\:\\Users\\Jack Maguire\\Zotero_KE\\storage\\46JFPJ97\\part-2.html}
}

@online{wengerFasterthanliMe,
  title = {Fasterthanli.Me},
  author = {Wenger, Amos},
  url = {https://fasterthanli.me/},
  urldate = {2023-04-03},
  abstract = {amos loves to tinker},
  langid = {english},
  organization = {{fasterthanli.me}},
  file = {C\:\\Users\\Jack Maguire\\Zotero_KE\\storage\\N7T4AT3X\\fasterthanli.me.html}
}

@online{ZoteroYourPersonal,
  title = {Zotero | {{Your}} Personal Research Assistant},
  url = {https://www.zotero.org/},
  urldate = {2023-04-03},
  file = {C\:\\Users\\Jack Maguire\\Zotero_KE\\storage\\C8NPS93N\\www.zotero.org.html}
}
